month,total_revenue,total_orders
2023-01,87301.44,197
2023-02,63176.49,143
2023-03,77104.77,164
2023-04,95477.86,182
2023-05,79397.41,152
2023-06,79876.96,155
2023-07,71235.74,163
2023-08,73610.99,165
2023-09,86868.8,171
2023-10,75909.55,161
2023-11,69900.27,160
2023-12,71982.2,163
2024-01,96053.92,196
2024-02,78884.48,160
2024-03,78004.23,166
2024-04,78548.2,168
2024-05,74432.76,151
2024-06,66726.08,164
2024-07,56233.41,140
2024-08,6845.67,12
